@Manual{R-base,
  title = {R: A Language and Environment for Statistical Computing},
  author = {{R Core Team}},
  organization = {R Foundation for Statistical Computing},
  address = {Vienna, Austria},
  year = {2019},
  url = {https://www.R-project.org/},
}

@Manual{R-papaja,
  author = {Frederik Aust and Marius Barth},
  title = {{papaja}: {Create} {APA} manuscripts with {R Markdown}},
  year = {2020},
  note = {R package version 0.1.0.9942},
  url = {https://github.com/crsh/papaja},
}

@incollection{barnes2004significance,
  title={The significance of teachers’ frames for teaching},
  author={Barnes, Douglas},
  booktitle={Teachers and teaching},
  pages={16--38},
  year={2004},
  publisher={Routledge},
}

@article{wolff2017see,
  title={See and tell: Differences between expert and novice teachers’ interpretations of problematic classroom management events},
  author={Wolff, Charlotte E and Jarodzka, Halszka and Boshuizen, Henny PA},
  journal={Teaching and Teacher Education},
  volume={66},
  pages={295--308},
  year={2017},
  publisher={Elsevier},
}

@book{barth2017professionelle,
  title={Professionelle Wahrnehmung von Störungen im Unterricht},
  author={Barth, Victoria L},
  year={2017},
  publisher={Springer},
}

@book{bogert2016visualperception,
  title={On teachers' visual perception and interpretation of classroom events using eye tracking and collaborative tagging methodologies},
  author={van den Bogert, Niek J},
  year={2016},
  publisher={Technische Universiteit Eindhoven},
}

@Manual{R-papayar,
  title = {papayar: View Medical Research Images using the Papaya JavaScript Library},
  author = {John Muschelli},
  year = {2016},
  note = {R package version 1.0},
  url = {https://CRAN.R-project.org/package=papayar},
}

@article{pouta2020student,
  title={Student Teachers’ and Experienced Teachers’ Professional Vision of Students’ Understanding of the Rational Number Concept},
  author={Pouta, Maikki and Lehtinen, Erno and Palonen, Tuire},
  year = {2020},
  publisher={Springer}
}

@article{stuermer2017eye,
  title={What is in the eye of preservice teachers while instructing? An eye-tracking study about attention processes in different teaching situations},
  author={Stuermer, Kathleen and Seidel, Tina and Mueller, Katharina and H{\"a}usler, Janina and Cortina, Kai S},
  journal={Zeitschrift f{\"u}r Erziehungswissenschaft},
  volume={20},
  number={1},
  pages={75--92},
  year={2017},
  publisher={Springer}
}

@article{jarodzka2010eyes,
  title={In the eyes of the beholder: How experts and novices interpret dynamic stimuli},
  author={Jarodzka, Halszka and Scheiter, Katharina and Gerjets, Peter and Van Gog, Tamara},
  journal={Learning and Instruction},
  volume={20},
  number={2},
  pages={146--154},
  year={2010},
  publisher={Elsevier}
}

@article{cortina2015low,
  title={Where low and high inference data converge: Validation of CLASS assessment of mathematics instruction using mobile eye tracking with expert and novice teachers},
  author={Cortina, Kai S and Miller, Kevin F and McKenzie, Ryan and Epstein, Alanna},
  journal={International Journal of Science and Mathematics Education},
  volume={13},
  number={2},
  pages={389--403},
  year={2015},
  publisher={Springer}
}

@article{berliner2001learning,
  title={Learning about and learning from expert teachers},
  author={Berliner, David C},
  journal={International journal of educational research},
  volume={35},
  number={5},
  pages={463--482},
  year={2001},
  publisher={Elsevier}
}

@article{lachner2016makes,
  title={What makes an expert teacher? Investigating teachers’ professional vision and discourse abilities},
  author={Lachner, Andreas and Jarodzka, Halszka and N{\"u}ckles, Matthias},
  journal={Instructional Science},
  volume={44},
  number={3},
  pages={197--203},
  year={2016},
  publisher={Springer}
}

@article{messner2000berufliche,
  title={Die berufliche Entwicklung von Lehrpersonen als lebenslanger Prozess},
  author={Messner, Helmut and Reusser, Kurt},
  journal={Beitr{\"a}ge zur Lehrerinnen-und Lehrerbildung},
  volume={18},
  number={2},
  pages={157--171},
  year={2000}
}