@article{cohen1988statistical,
  title={Statistical power for the behavioural sciences. Hilsdale},
  author={Cohen, J.},
  journal={NY: Lawrence Erlbaum},
  volume={58},
  number={1},
  pages={7--19},
  year={1988}
}

@article{nelson2020guidelines,
  title={Guidelines for wrist-worn consumer wearable assessment of heart rate in biobehavioral research},
  author={Nelson, B.W. and Low, C.A. and Jacobson, N. and Are{\'a}n, P. and Torous, J. and Allen, N.B.},
  journal={NPJ digital medicine},
  volume={3},
  number={1},
  pages={90},
  year={2020},
  publisher={Nature Publishing Group UK London},
  doi={10.1038/s41746-020-0297-4}
}

@article{tobin2016expression,
  title={Expression of emotions and physiological changes during teaching},
  author={Tobin, K. and King, D. and Henderson, S. and Bellocchi, A. and Ritchie, S.M.},
  journal={Cultural studies of science education},
  volume={11},
  pages={669--692},
  year={2016},
  publisher={Springer},
  doi={10.1007/s11422-016-9778-9}
}

@article{agyapong2023interventions,
  title={Interventions to reduce stress and burnout among teachers: A scoping review},
  author={Agyapong, B. and Brett-MacLean, P. and Burback, L. and Agyapong, V.I.O. and Wei, Y.},
  journal={International journal of environmental research and public health},
  volume={20},
  number={9},
  pages={5625},
  year={2023},
  publisher={MDPI},
  doi={10.3390/ijerph20095625}
}

@article{alhija2015teacher,
  title={Teacher stress and coping: The role of personal and job characteristics},
  author={Alhija, F.N.},
  journal={Procedia-Social and Behavioral Sciences},
  volume={185},
  pages={374--380},
  year={2015},
  publisher={Elsevier},
  doi={10.1016/j.sbspro.2015.03.415}
}

@article{ritvanen2006responses,
  title={Responses of the autonomic nervous system during periods of perceived high and low work stress in younger and older female teachers},
  author={Ritvanen, T. and Louhevaara, V. and Helin, P. and V{\"a}is{\"a}nen, S. and H{\"a}nninen, O.},
  journal={Applied Ergonomics},
  volume={37},
  number={3},
  pages={311--318},
  year={2006},
  publisher={Elsevier},
  doi={10.1016/j.apergo.2005.06.013}
}

@incollection{kirschner2016professionswissen,
  title={Professionswissen in den Naturwissenschaften (ProwiN)},
  author={Kirschner, S. and Sczudlek, M. and Tepner, O. and Borowski, A. and Fischer, H.E. and Lenske, G. and Leutner, D. and Neuhaus, B.J. and Sumfleth, E. and Thillmann, H. and others},
  booktitle={Entwicklung von Professionalit{\"a}t p{\"a}dagogischen Personals: Interdisziplin{\"a}re Betrachtungen, Befunde und Perspektiven},
  pages={113--130},
  year={2016},
  publisher={Springer},
  doi={10.1007/978-3-658-07274-2_7}
}

@article{eddy2019single,
  title={Single-item teacher stress and coping measures: Concurrent and predictive validity and sensitivity to change},
  author={Eddy, C.L. and Herman, K.C. and Reinke, W.M.},
  journal={Journal of School Psychology},
  volume={76},
  pages={17--32},
  year={2019},
  publisher={Elsevier},
  doi={10.1016/j.jsp.2019.05.001}
}

@article{mcintyre2017towards,
  title={Towards a dynamic integrative theory of educator stress},
  author={McIntyre, T.M. and McIntyre, S.E. and Barr, C.D. and Francis, D.J. and Durand, A.C.},
  journal={Educator stress: An occupational health perspective},
  pages={261--289},
  year={2017},
  publisher={Springer},
  doi={10.1007/978-3-319-53053-6_12}
}

@article{francisti2023identification,
  title={Identification of heart rate change during the teaching process},
  author={Francisti, J. and Balogh, Z. and Reichel, J. and Benko, L. and Fodor, K. and Tur{\v{c}}{\'a}ni, M.},
  journal={Scientific Reports},
  volume={13},
  number={1},
  pages={16674},
  year={2023},
  publisher={Nature Publishing Group UK London},
  doi={10.1038/s41598-023-43763-x}
}

@article{laugaa2008stress,
  title={Stress and burnout among French elementary school teachers: A transactional approach},
  author={Laugaa, D. and Rascle, N. and Bruchon-Schweitzer, M.},
  journal={European review of applied psychology},
  volume={58},
  number={4},
  pages={241--251},
  year={2008},
  publisher={Elsevier},
  doi={10.1016/j.erap.2008.09.007}
}

@article{goh2010revised,
  title={The Revised Transactional Model (RTM) of occupational stress and coping: An improved process approach},
  author={Goh, Y.W. and Sawang, S. and Oei, T.P.S.},
  journal={The Australasian Journal of Organisational Psychology},
  volume={3},
  pages={13--20},
  year={2010},
  publisher={Cambridge University Press},
  doi={10.1375/ajop.3.1.13}
}

@article{dunn1999deliberate,
  title={Deliberate practice in teaching: What teachers do for self-improvement},
  author={Dunn, T.G. and Shriner, C.},
  journal={Teaching and teacher education},
  volume={15},
  number={6},
  pages={631--651},
  year={1999},
  publisher={Elsevier},
  doi={10.1016/S0742-051X(98)00068-7}
}

@article{ophardt2017klassenmanagement,
  title={Klassenmanagement als Basisdimension der Unterrichtsqualit{\"a}t},
  author={Ophardt, D. and Thiel, F.},
  journal={Lehrer-Sch{\"u}ler-Interaktion: Inhaltsfelder, Forschungsperspektiven und methodische Zug{\"a}nge},
  pages={245--266},
  year={2017},
  publisher={Springer}
}

@article{clunies2008self,
  title={Self-reported and actual use of proactive and reactive classroom management strategies and their relationship with teacher stress and student behaviour},
  author={Clunies-Ross, P. and Little, E. and Kienhuis, M.},
  journal={Educational psychology},
  volume={28},
  number={6},
  pages={693--710},
  year={2008},
  publisher={Taylor \& Francis},
  doi={10.1080/01443410802206700}
}

@article{maslach2001job,
  title={Job burnout},
  author={Maslach, C. and Schaufeli, W.B. and Leiter, M.P.},
  journal={Annual review of psychology},
  volume={52},
  number={1},
  pages={397--422},
  year={2001},
  publisher={Annual Reviews 4139 El Camino Way, PO Box 10139, Palo Alto, CA 94303-0139, USA},
  doi={10.1146/annurev.psych.52.1.397}
}

@article{wolff2021classroom,
  title={Classroom management scripts: A theoretical model contrasting expert and novice teachers’ knowledge and awareness of classroom events},
  author={Wolff, C.E. and Jarodzka, H. and Boshuizen, H.P.A.},
  journal={Educational Psychology Review},
  volume={33},
  number={1},
  pages={131--148},
  year={2021},
  publisher={Springer},
  doi={10.1007/s10648-020-09542-0}
}

@article{schult2014belastet,
  title={Belastet, aber hochzufrieden?},
  author={Schult, J. and M{\"u}nzer-Schrobildgen, M. and Sparfeldt, J.R.},
  journal={Zeitschrift f{\"u}r Gesundheitspsychologie},
  year={2014},
  publisher={Hogrefe Verlag G{\"o}ttingen},
  doi={10.1026/0943-8149/a000114}
}

@article{kirschbaum1993trier,
  title={The ‘Trier Social Stress Test’--a tool for investigating psychobiological stress responses in a laboratory setting},
  author={Kirschbaum, C. and Pirke, K.M. and Hellhammer, D.H.},
  journal={Neuropsychobiology},
  volume={28},
  number={1-2},
  pages={76--81},
  year={1993},
  publisher={S. Karger AG Basel, Switzerland},
  doi={10.1159/000119004}
}

@article{castaneda2018review,
  title={A review on wearable photoplethysmography sensors and their potential future applications in health care},
  author={Castaneda, D. and Esparza, A. and Ghamari, M. and Soltanpur, C. and Nazeran, H.},
  journal={International journal of biosensors \& bioelectronics},
  volume={4},
  number={4},
  pages={195},
  year={2018},
  publisher={NIH Public Access},
  doi={10.15406/ijbsbe.2018.04.00125}
}

@article{kranjec2014non,
  title={Non-contact heart rate and heart rate variability measurements: A review},
  author={Kranjec, J. and Begu{\v{s}}, S. and Ger{\v{s}}ak, G. and Drnov{\v{s}}ek, J.},
  journal={Biomedical signal processing and control},
  volume={13},
  pages={102--112},
  year={2014},
  publisher={Elsevier},
  doi={10.1016/j.bspc.2014.03.004}
}

@article{berntson2007cardiovascular,
  title={Cardiovascular psychophysiology},
  author={Berntson, G. and Quigley, K. and Lozano, D.},
  journal={Handbook of psychophysiology},
  volume={3},
  pages={182--210},
  year={2007},
  doi={10.1017/CBO9780511546396.008}
}

@inproceedings{scalise2018wearables,
  title={Wearables for health and fitness: Measurement characteristics and accuracy},
  author={Scalise, L. and Cosoli, G.},
  booktitle={2018 IEEE international instrumentation and measurement technology conference (I2MTC)},
  pages={1--6},
  year={2018},
  organization={IEEE},
  doi={10.1109/I2MTC.2018.8409635}
}

@article{trull2013ambulatory,
  title={Ambulatory assessment},
  author={Trull, T.J. and Ebner-Priemer, U.},
  journal={Annual review of clinical psychology},
  volume={9},
  number={1},
  pages={151--176},
  year={2013},
  publisher={Annual Reviews},
  doi={10.1146/annurev-clinpsy-050212-185510}
}

@article{van2016accuracy,
  title={Accuracy and bias in retrospective symptom reporting},
  author={Van den Bergh, O. and Walentynowicz, M.},
  journal={Current opinion in psychiatry},
  volume={29},
  number={5},
  pages={302--308},
  year={2016},
  publisher={LWW},
  doi={10.1097/YCO.0000000000000267}
}

@article{wolff2015keeping,
  title={Keeping an eye on learning: Differences between expert and novice teachers’ representations of classroom management events},
  author={Wolff, C.E. and van den Bogert, N. and Jarodzka, H. and Boshuizen, H.P.A.},
  journal={Journal of teacher education},
  volume={66},
  number={1},
  pages={68--85},
  year={2015},
  publisher={SAGE Publications Sage CA: Los Angeles, CA},
  doi={10.1177/0022487114549810}
}

@article{ericsson2006influence,
  title={The influence of experience and deliberate practice on the development of superior expert performance},
  author={Ericsson, K.A. and others},
  journal={The Cambridge handbook of expertise and expert performance},
  volume={38},
  number={685-705},
  pages={2--2},
  year={2006},
  publisher={Cambridge (UK): Cambridge UP},
  doi={10.1017/CBO9780511816796.038}
}

@article{klusmann2012berufliche,
  title={Berufliche Beanspruchung angehender Lehrkr{\"a}fte: Die Effekte von Pers{\"o}nlichkeit, p{\"a}dagogischer Vorerfahrung und professioneller Kompetenz},
  author={Klusmann, U. and Kunter, M. and Voss, T. and Baumert, J.},
  journal={Zeitschrift f{\"u}r p{\"a}dagogische Psychologie},
  year={2012},
  publisher={Verlag Hans Huber, Hogrefe AG, Bern},
  doi={10.1024/1010-0652/a000078}
}

@article{cramer2018belastung,
  title={Belastung und Beanspruchung im Lehrerinnen-und Lehrerberuf: {\"U}bersicht zu Theorien, Variablen und Ergebnissen in einem integrativen Rahmenmodell},
  author={Cramer, C. and Friedrich, A. and Merk, S.},
  journal={bildungsforschung},
  number={1},
  year={2018},
  doi={10.25656/01:16575}
}

@article{lazarus1990theory,
  title={Theory-based stress measurement},
  author={Lazarus, R.S.},
  journal={Psychological inquiry},
  volume={1},
  number={1},
  pages={3--13},
  year={1990},
  publisher={Taylor \& Francis},
  doi={10.1207/s15327965pli0101_1}
}

@article{lazarus1966psychological,
  title={Psychological stress and the coping process},
  author={Lazarus, R.S.},
  journal={Mc Grew-Hill},
  year={1966}
}

@article{boyle1995structural,
  title={A structural model of the dimensions of teacher stress},
  author={Boyle, G.J. and Borg, M.G. and Falzon, J.M. and Baglioni Jr, A.J.},
  journal={British Journal of Educational Psychology},
  volume={65},
  number={1},
  pages={49--67},
  year={1995},
  publisher={Wiley Online Library},
  doi={10.1111/j.2044-8279.1995.tb01130.x}
}

@article{montgomery2005meta,
  title={A meta-analysis for exploring the diverse causes and effects of stress in teachers},
  author={Montgomery, C. and Rupp, A.A.},
  journal={Canadian Journal of Education/Revue canadienne de l'{\'e}ducation},
  pages={458--486},
  year={2005},
  publisher={JSTOR},
  doi={10.2307/4126479}
}

@article{johnson2005experience,
  title={The experience of work-related stress across occupations},
  author={Johnson, S. and Cooper, C. and Cartwright, S. and Donald, I. and Taylor, P. and Millet, C.},
  journal={Journal of managerial psychology},
  volume={20},
  number={2},
  pages={178--187},
  year={2005},
  publisher={Emerald Group Publishing Limited},
  doi={10.1108/02683940510579803}
}

@article{wettstein2020ambulatory,
  title={Ambulatory assessment of psychological and physiological stress on workdays and free days among teachers. A preliminary study},
  author={Wettstein, A. and K{\"u}hne, F. and Tschacher, W. and La Marca, R.},
  journal={Frontiers in neuroscience},
  volume={14},
  pages={495378},
  year={2020},
  publisher={Frontiers},
  doi={10.3389/fnins.2020.00112}
}

@article{karner2021teachers,
  title={Teachers’ experienced classroom demands and autonomic stress reactions: Results of a pilot study and implications for process-oriented research in vocational education and training},
  author={K{\"a}rner, T. and H{\"o}ning, J.},
  journal={Empirical Research in Vocational Education and Training},
  volume={13},
  pages={1--22},
  year={2021},
  publisher={Springer},
  doi={10.1186/s40461-021-00113-3}
}

@misc{wearable_web,
	title = {Wearable {Technology} {Market} {Share} \& {Trends} {Report}, 2030},
	abstract = {The global wearable technology market was valued at USD 61.30 billion in 2022 and is expected to expand at a compound annual growth rate (CAGR) of 14.6\% from 2023 to 2030. The increasing adoption of smart wearable technology products among consumers is driving industry growth.},
	language = {en},
}

@article{van2006stress,
  title={Stress und Arbeitszufriedenheit bei Lehrerinnen und Lehrern},
  author={Van Dick, R.},
  journal={Zwischen „Horrorjob “und Erf{\"u}llung},
  volume={2},
  year={2006}
}

@incollection{hao2018chrv,
  title={cHRV uncovering daily stress dynamics using bio-signal from consumer wearables},
  author={Hao, T. and Chang, H. and Ball, M. and Lin, K. and Zhu, X.},
  booktitle={MEDINFO 2017: Precision Healthcare through Informatics},
  pages={98--102},
  year={2017},
  publisher={IOS Press},
  doi={10.3233/978-1-61499-830-3-98}
}

@book{mukhopadhyay2017wearable,
  title={Wearable Sensors: Applications, design and implementation},
  author={Mukhopadhyay, S.C. and Islam, T.},
  year={2017},
  publisher={IOP Publishing},
  doi={10.1088/978-0-7503-1505-0}
}

@article{nuss2021effects,
  title={Effects of motivational interviewing and wearable fitness trackers on motivation and physical activity: A systematic review},
  author={Nuss, K. and Moore, K. and Nelson, T. and Li, K.},
  journal={American Journal of Health Promotion},
  volume={35},
  number={2},
  pages={226--235},
  year={2021},
  publisher={Sage Publications Sage CA: Los Angeles, CA},
  doi={10.1177/0890117120939030}
}

@article{cheng2017underlying,
  title={The underlying factors of the perceived usefulness of using smart wearable devices for disaster applications},
  author={Cheng, J.W. and Mitomo, H.},
  journal={Telematics and Informatics},
  volume={34},
  number={2},
  pages={528--539},
  year={2017},
  publisher={Elsevier},
  doi={10.1016/j.tele.2016.09.010}
}

@inproceedings{de2017towards,
  title={Towards the use of commercial wrist wearables in education},
  author={de Arriba-P{\'e}rez, F. and Caeiro-Rodr{\'\i}guez, M. and Santos-Gago, J.M.},
  booktitle={2017 4th Experiment@ International Conference (exp. at'17)},
  pages={323--328},
  year={2017},
  organization={IEEE},
  doi={10.1109/EXPAT.2017.7984354}
}

@article{godfrey2018z,
  title={From A to Z: Wearable technology explained},
  author={Godfrey, A. and Hetherington, V. and Shum, H. and Bonato, P. and Lovell, N.H. and Stuart, S.},
  journal={Maturitas},
  volume={113},
  pages={40--47},
  year={2018},
  publisher={Elsevier},
  doi={10.1016/j.maturitas.2018.04.012}
}

@inproceedings{peng2022acceptance,
  title={Acceptance of wearable technology: a meta-analysis},
  author={Peng, C. and Xi, N. and Zhao, H. and Hamari, J.},
  booktitle={Hawaii International Conference on System Sciences},
  pages={5101--5110},
  year={2022},
  doi={10.24251/HICSS.2022.621}
}

@article{sinha2019taxonomy,
  title={Taxonomy of wearable devices: A systematic review of literature},
  author={Sinha, N. and Gupta, M.},
  journal={International Journal of Technology Diffusion (IJTD)},
  volume={10},
  number={2},
  pages={1--17},
  year={2019},
  publisher={IGI Global},
  doi={10.4018/IJTD.2019040101}
}

@article{park2020user,
  title={User acceptance of smart wearable devices: An expectation-confirmation model approach},
  author={Park, E.},
  journal={Telematics and Informatics},
  volume={47},
  pages={101318},
  year={2020},
  publisher={Elsevier},
  doi={10.1016/j.tele.2019.101318}
}

@article{custodis2014heart,
  title={Heart rate: Clinical variable and risk marker},
  author={Custodis, F. and Reil, J.C. and Schirmer, S.H. and Adam, O. and M{\"o}hlenkamp, S. and Laufs, U. and Boehm, M.},
  journal={Deutsche Medizinische Wochenschrift (1946)},
  volume={139},
  number={33},
  pages={1661--8},
  year={2014},
  doi={10.1055/s-0034-1370223}
}

@article{allen2007photoplethysmography,
  title={Photoplethysmography and its application in clinical physiological measurement},
  author={Allen, J.},
  journal={Physiological measurement},
  volume={28},
  number={3},
  pages={R1},
  year={2007},
  publisher={IoP Publishing},
  doi={10.1088/0967-3334/28/3/R01}
}

@article{wettstein2021,
	title = {Teacher {Stress}: {A} {Psychobiological} {Approach} to {Stressful} {Interactions} in the {Classroom}},
	volume = {6},
	issn = {2504-284X},
	shorttitle = {Teacher {Stress}},
	abstract = {Teachers report elevated levels of stress and psychosomatic illnesses compared to other professions. Teacher stress has far-reaching consequences on their health outcomes, the student's motivation, and the economy. However, research on teacher stress relies mainly on self-reports, hence, assesses stress on purely subjective perception. Personal or subjective aspects can strongly influence these measures, and biological stress may even be unnoticed. It is, therefore, necessary to include both subjective and objective measures to investigate stress, preferably in real-life situations. This review aims to demonstrate the importance of a psychobiological ambulatory assessment (AA) approach to investigate teacher stress, in contrast to purely subjective measures. We discuss classroom disruptions as the primary stress factor within the classroom and how a multimethod AA approach using psychological measures while simultaneously recording classroom disruptions and biological stress reactions of teachers would enable a much deeper understanding of stressful transactional processes taking place in the classroom that has not been achieved before.},
	journal = {Frontiers in Education},
	author = {Wettstein, A. and Schneider, S. and Grosse Holtforth, M. and La Marca, R.},
	year = {2021},
	file = {Full Text PDF:C\:\\Users\\fredd\\Zotero\\storage\\Y55PLB8L\\Wettstein et al. - 2021 - Teacher Stress A Psychobiological Approach to Str.pdf:application/pdf},
  doi={10.3389/feduc.2021.681258}
}

@article{chalmers2021,
  title={Stress watch: The use of heart rate and heart rate variability to detect stress: A pilot study using smart watch wearables},
  author={Chalmers, T. and Hickey, B.A. and Newton, P. and Lin, C. and Sibbritt, D. and McLachlan, C.S. and Clifton-Bligh, R. and Morley, J. and Lal, S.},
  journal={Sensors},
  volume={22},
  number={1},
  pages={151},
  year={2021},
  publisher={MDPI},
  doi={10.3390/s22010151}
}

@Inbook{sperka1995,
author="Sperka, M.
and Kittler, U..",
editor="Bräuer, K.",
title="Psychophysiologische Beanspruchung von Lehramtskandidatinnen und -kandidaten im Schulunterricht",
bookTitle="Psychische Potentiale für eine interdisziplinäre Lehrerausbildung: Motivation - kognition – Entwicklung",
year="1995",
publisher="Die Blaue Eule",
address="Essen",
pages="182--197"
}

@book{hottenrott2007,
title={Trainingskontrolle: mit Herzfrequenz-Messgeräten, 2. Auflage},
author={Hottenrot, K.},
year={2007},
publisher={Meyer \& Meyer Verlag}
}

@article{chevance2022accuracy,
  title={Accuracy and precision of energy expenditure, heart rate, and steps measured by combined-sensing Fitbits against reference measures: Systematic review and meta-analysis},
  author={Chevance, G. and Golaszewski, N.M. and Tipton, E. and Hekler, E.B. and Buman, M. and Welk, G.J. and Patrick, K. and Godino, J.G. and others},
  journal={JMIR mHealth and uHealth},
  volume={10},
  number={4},
  pages={e35626},
  year={2022},
  publisher={JMIR Publications Inc., Toronto, Canada},
  doi={10.2196/35626}
}

@article{thomson2019heart,
  title={Heart rate measures from the Apple Watch, Fitbit Charge HR 2, and electrocardiogram across different exercise intensities},
  author={Thomson, E.A. and Nuss, K. and Comstock, A. and Reinwald, S. and Blake, S. and Pimentel, R.E. and Tracy, B.L. and Li, K.},
  journal={Journal of sports sciences},
  volume={37},
  number={12},
  pages={1411--1419},
  year={2019},
  publisher={Taylor \& Francis},
  doi={10.1080/02640414.2018.1560644}
}

@article{wallen2016accuracy,
  title={Accuracy of heart rate watches: implications for weight management},
  author={Wallen, M.P. and Gomersall, S.R. and Keating, S.E. and Wisl{\o}ff, U. and Coombes, J.S.},
  journal={PloS one},
  volume={11},
  number={5},
  pages={e0154420},
  year={2016},
  publisher={Public Library of Science},
  doi={10.1371/journal.pone.0154420}
}

@article{montoye2017comparative,
  title={Comparative accuracy of a wrist-worn activity tracker and a smart shirt for physical activity assessment},
  author={Montoye, A.H.K. and Mitrzyk, J.R. and Molesky, M.J.},
  journal={Measurement in Physical Education and Exercise Science},
  volume={21},
  number={4},
  pages={201--211},
  year={2017},
  publisher={Taylor \& Francis},
  doi={10.1080/1091367X.2017.1331166}
}

@article{sammito2015guideline,
  title={Guideline for the application of heart rate and heart rate variability in occupational medicine and occupational science},
  author={Sammito, S. and Thielmann, B. and Seibt, R. and Klussmann, A. and Weippert, M. and B{\"o}ckelmann, I.},
  journal={ASU Int},
  volume={2015},
  number={06},
  pages={1--29},
  year={2015},
  doi={10.17147/ASUI.2015-06-09-03}
}

@article{scheuch1997psychophysische,
  title={Psychophysische beanspruchung von lehrern in der unterrichtst{\"a}tigkeit},
  author={Scheuch, K. and Knothe, M.},
  journal={Jahrbuch f{\"u}r Lehrerforschung},
  volume={1},
  number={S 285},
  pages={299},
  year={1997}
}

@article{huang2022class,
  title={Class size affects preservice teachers’ physiological and psychological stress reactions: An experiment in a virtual reality classroom},
  author={Huang, Y. and Richter, E. and Kleickmann, T. and Richter, D.},
  journal={Computers \& Education},
  volume={184},
  pages={104503},
  year={2022},
  publisher={Elsevier},
  doi={10.1016/j.compedu.2022.104503}
}

@article{razavi2001self,
  title={Self-report measures: An overview of concerns and limitations of questionnaire use in occupational stress research},
  author={Razavi, T.},
  year={2001},
  publisher={University of Southampton}
}

@article{aloe2014multivariate,
  title={A multivariate meta-analysis of student misbehavior and teacher burnout},
  author={Aloe, A.M. and Shisler, S.M. and Norris, B.D. and Nickerson, A.B. and Rinker, T.W.},
  journal={Educational research review},
  volume={12},
  pages={30--44},
  year={2014},
  publisher={Elsevier},
  doi={10.1016/j.edurev.2014.05.003}
}

@Inbook{battipaglia2015,
author="Battipaglia, I.
and Lanza, G.A.",
editor="Slart, R.H.J.A.
and Tio, R.A.
and Elsinga, P.H.
and Schwaiger, M.",
title="The Autonomic Nervous System of the Heart",
bookTitle="Autonomic Innervation of the Heart: Role of Molecular Imaging",
year="2015",
publisher="Springer Berlin Heidelberg",
address="Berlin, Heidelberg",
pages="1--12",
abstract="The autonomic nervous system (ANS) is the part of the nervous system that controls the visceral functions of the body, which are totally or largely independent of voluntary control of the individual. This part of the nervous system consists of autonomic regions in the central nervous system and of peripheral nerves. According to anatomical and functional characteristics, the ANS is classically divided into two main sections: the sympathetic and the parasympathetic systems. The former division promotes a so-called ``fight-or-flight'' response, while the parasympathetic autonomic system promotes a ``rest and digest'' response of the organism. The heart receives nerve fibers from both the sympathetic and the parasympathetic divisions, which variably contribute to the control of heart rate (chronotropism), contractile strength of the heart (inotropism), conductivity (dromotropism) and excitability (bathmotropism) of myocardial cells, as well as of coronary vascular tone and myocardial blood flow. The sympathetic system promotes an increase in heart rate and a positive inotropic response in order to increase cardiac output. On the contrary, the parasympathetic (vagal) system induces bradycardia and reduces myocardial contractile strength, thus resulting in decreased cardiac output.",
doi={10.1007/978-3-662-45074-1_1}
}

@article{beaty2010,
  title={Classroom management strategies for difficult students: Promoting change through relationships},
  author={Beaty-O’Ferrall, M.E. and Green, A. and Hanna, F.},
  journal={Middle School Journal},
  volume={41},
  number={4},
  pages={4--11},
  year={2010},
  publisher={Taylor \& Francis},
  doi={10.2307/23044778}
}

@article{chaplain2008,
  title={Stress and psychological distress among trainee secondary teachers in England},
  author={Chaplain, R.P.},
  journal={Educational Psychology},
  volume={28},
  number={2},
  pages={195--209},
  year={2008},
  publisher={Taylor \& Francis},
  doi={10.1080/01443410701491858}
}

@article{claessens2017positive,
  title={Positive teacher--student relationships go beyond the classroom, problematic ones stay inside},
  author={Claessens, L.C.A. and van Tartwijk, J. and van der Want, A.C. and Pennings, H.J.M. and Verloop, N. and den Brok, P.J. and Wubbels, T.},
  journal={The Journal of Educational Research},
  volume={110},
  number={5},
  pages={478--493},
  year={2017},
  publisher={Taylor \& Francis},
  doi={10.1080/00220671.2015.1129595}
}

@article{Darnell2019,
  title={Student engagement, assessed using heart rate, shows no reset following active learning sessions in lectures},
  author={Darnell, D. and Krieg, P.},
  journal={PLoS ONE},
  year={2019},
  volume={14},
  doi={10.1371/journal.pone.0225709}
}

@article{donker2018,
  title={A quantitative exploration of two teachers with contrasting emotions: intra-individual process analyses of physiology and interpersonal behavior.},
  author={Donker, M.H. and Van Gog, T. and Mainhard, M.T.},
  journal={Frontline Learning Research},
  volume={6},
  number={3},
  pages={162--184},
  year={2018},
  publisher={ERIC},
  doi={10.14786/flr.v6i3.372}
}

@article{ferguson2015,
  title={The validity of consumer-level, activity monitors in healthy adults worn in free-living conditions: a cross-sectional study},
  author={Ferguson, T. and Rowlands, A.V. and Olds, T. and Maher, C.},
  journal={International journal of behavioral nutrition and physical activity},
  volume={12},
  number={1},
  pages={1--9},
  year={2015},
  publisher={BioMed Central},
  doi={10.1186/s12966-015-0201-9}
}

@article{fisher2011,
  title={Factors influencing stress, burnout, and retention of secondary teachers},
  author={Fisher, M.H.},
  journal={Current issues in education},
  volume={14},
  number={1},
  year={2011}
}

 @Book{ggplot2,
    author = {Wickham, H.},
    title = {ggplot2: Elegant Graphics for Data Analysis},
    publisher = {Springer-Verlag New York},
    year = {2016},
    doi={10.1007/978-0-387-98141-3}
  }

@Manual{fitbitnd, 
title = {Fitbit Charge 4 User Manual Version 1.2}, 
author = {Fitbit, Inc.}, 
organization = {Fitbit, Inc.}, 
address = {}, 
year = {2020}
}

@article{uchino2010older,
  title={Are older adults less or more physiologically reactive? A meta-analysis of age-related differences in cardiovascular reactivity to laboratory tasks},
  author={Uchino, B.N. and Birmingham, W. and Berg, C.A.},
  journal={Journals of Gerontology Series B: Psychological Sciences and Social Sciences},
  volume={65},
  number={2},
  pages={154--162},
  year={2010},
  publisher={Oxford University Press},
  doi={10.1093/geronb/gbp127}
}

@article{fuller2020,
  title={Reliability and validity of commercially available wearable devices for measuring steps, energy expenditure, and heart rate: systematic review},
  author={Fuller, D. and Colwell, E. and Low, J. and Orychock, K. and Tobin, M.A. and Simango, B. and Buote, R. and Van Heerden, D. and Luan, H. and Cullen, K. and others},
  journal={JMIR mHealth and uHealth},
  volume={8},
  number={9},
  pages={e18694},
  year={2020},
  publisher={JMIR Publications Inc., Toronto, Canada},
  doi={10.2196/18694}
}

@article{gagnon2022,
  title={Comparing a Fitbit Wearable to an Electrocardiogram Gold Standard as a Measure of Heart Rate Under Psychological Stress: A Validation Study},
  author={Gagnon, J. and Khau, M. and Lavoie-Hudon, L. and Vachon, F. and Drapeau, V. and Tremblay, S.},
  journal={JMIR Formative Research},
  volume={6},
  number={12},
  pages={e37885},
  year={2022},
  publisher={JMIR Publications Toronto, Canada},
  doi={10.2196/37885}
}

@book{gelman2006data,
title={Data analysis using regression and multilevel/hierarchical models},
author={Gelman, A. and Hill, J.},
year={2006},
publisher={Cambridge university press},
doi={10.1017/CBO9780511790942}
}

@article{hajj2023,
  title={Wrist-worn devices for the measurement of heart rate and energy expenditure: A validation study for the Apple Watch 6, Polar Vantage V and Fitbit Sense},
  author={Hajj-Boutros, G. and Landry-Duval, M. and Comtois, A.S. and Gouspillou, G. and Karelis, A.D.},
  journal={European journal of sport science},
  volume={23},
  number={2},
  pages={165--177},
  year={2023},
  publisher={Taylor \& Francis},
  doi={10.1080/17461391.2021.2023656}
}

@article{heneghan2019,
  title={Investigation of an estimate of daily resting heart rate using a consumer wearable device},
  author={Heneghan, C. and Venkatraman, S. and Russell, A.},
  journal={medRxiv},
  pages={19008771},
  year={2019},
  publisher={Cold Spring Harbor Laboratory Press},
  doi={10.1101/19008771}
}

@article{herman2020,
  title={Profiles of middle school teacher stress and coping: Concurrent and prospective correlates},
  author={Herman, K.C. and Prewett, S.L. and Eddy, C.L. and Savala, A. and Reinke, W.M.},
  journal={Journal of School Psychology},
  volume={78},
  pages={54--68},
  year={2020},
  publisher={Elsevier},
  doi={10.1016/j.jsp.2019.11.003}
}

@article{ingersoll2003,
  title={The wrong solution to the teacher shortage},
  author={Ingersoll, R.M. and Smith, T.M.},
  journal={Educational leadership},
  volume={60},
  number={8},
  pages={30--33},
  year={2003},
  publisher={Citeseer}
}

@article{jachymek2021,
  title={Wristbands in Home-Based Rehabilitation—Validation of Heart Rate Measurement},
  author={Jachymek, M. and Jachymek, M.T. and Kiedrowicz, R.M. and Ka{\'z}mierczak, J. and P{\l}o{\'n}ska-Go{\'s}ciniak, E. and Peregud-Pogorzelska, M.},
  journal={Sensors},
  volume={22},
  number={1},
  pages={60},
  year={2021},
  publisher={MDPI},
  doi={10.3390/s22010060}
}

@article{jalongo2006,
  title={Editorial teacher attrition: An issue of national concern},
  author={Jalongo, M.R. and Heider, K.},
  journal={Early Childhood Education Journal},
  volume={33},
  pages={379--380},
  year={2006},
  publisher={Springer},
  doi={10.1007/s10643-006-0122-y}
}

@article{jo2016,
  title={Validation of biofeedback wearables for photoplethysmographic heart rate tracking},
  author={Jo, E. and Lewis, K. and Directo, D. and Kim, M.J. and Dolezal, B.A.},
  journal={Journal of sports science \& medicine},
  volume={15},
  number={3},
  pages={540},
  year={2016},
  publisher={Dept. of Sports Medicine, Medical Faculty of Uludag University}
}

@article{junker2021,
  title={Potential classroom stressors of teachers: An audiovisual and physiological approach},
  author={Junker, R. and Donker, M.H. and Mainhard, T.},
  journal={Learning and Instruction},
  volume={75},
  pages={101495},
  year={2021},
  publisher={Elsevier},
  doi={10.1016/j.learninstruc.2021.101495}
}

@article{kyriacou1978,
  title={Teacher stress: Prevalence, sources, and symptoms},
  author={Kyriacou, C. and Sutcliffe, J.},
  journal={British journal of educational psychology},
  volume={48},
  number={2},
  pages={159--167},
  year={1978},
  publisher={Wiley Online Library},
  doi={10.1111/j.2044-8279.1978.tb02381.x}
}

@article{lazarus1981stressbezogene,
  title={Stressbezogene Transaktionen zwischen Person und Umwelt},
  author={Lazarus, R.S. and Launier, R.},
  journal={Stress. Theorien, Untersuchungen, Ma{\ss}nahmen},
  pages={213--259},
  year={1981},
  publisher={Huber Bern}
}

@book{lazarus1984stress,
  title={Stress, appraisal, and coping},
  author={Lazarus, R.S. and Folkman, S.},
  year={1984},
  publisher={Springer publishing company}
}

@article{liu2020,
  title={Anxiety and Stress in In-Service Chinese University Teachers of Arts.},
  author={Liu, M. and Yan, Y.},
  journal={International journal of higher education},
  volume={9},
  number={1},
  pages={237--248},
  year={2020},
  publisher={ERIC},
  doi={10.5430/ijhe.v9n1p237}
}

@article{lu2008can,
  title={Can photoplethysmography variability serve as an alternative approach to obtain heart rate variability information?},
  author={Lu, S. and Zhao, H. and Ju, K. and Shin, K. and Lee, M. and Shelley, K. and Chon, K.H.},
  journal={Journal of clinical monitoring and computing},
  volume={22},
  number={1},
  pages={23--29},
  year={2008},
  publisher={Springer},
  doi={10.1007/s10877-007-9103-y}
}

@article{muggeridge2021measurement,
  title={Measurement of heart rate using the polar OH1 and fitbit charge 3 wearable devices in healthy adults during light, moderate, vigorous, and sprint-based exercise: Validation study},
  author={Muggeridge, D.J. and Hickson, K. and Davies, A.V. and Giggins, O.M. and Megson, I.L. and Gorely, T. and Crabtree, D.R.},
  journal={JMIR mHealth and uHealth},
  volume={9},
  number={3},
  pages={e25313},
  year={2021},
  publisher={JMIR Publications Inc., Toronto, Canada},
  doi={10.2196/25313}
}

@misc{nanchen2018,
  title={Resting heart rate: what is normal?},
  author={Nanchen, D.},
  journal={Heart},
  volume={104},
  number={13},
  pages={1048--1049},
  year={2018},
  publisher={BMJ Publishing Group Ltd and British Cardiovascular Society},
  doi={10.1136/heartjnl-2017-312731}
}

@article{ng2018,
  title={Veterans’ perspectives on fitbit use in treatment for post-traumatic stress disorder: an interview study},
  author={Ng, A. and Reddy, M. and Zalta, A.K. and Schueller, S.M. and others},
  journal={JMIR mental health},
  volume={5},
  number={2},
  pages={e10415},
  year={2018},
  publisher={JMIR Publications Inc., Toronto, Canada},
  doi={10.2196/10415}
}

@article{obbarius2021,
  title={A modified version of the transactional stress concept according to Lazarus and Folkman was confirmed in a psychosomatic inpatient sample},
  author={Obbarius, N. and Fischer, F. and Liegl, G. and Obbarius, A. and Rose, M.},
  journal={Frontiers in psychology},
  volume={12},
  pages={584333},
  year={2021},
  publisher={Frontiers Media SA},
  doi={10.3389/fpsyg.2021.584333}
}

@article{pham2021,
  title={Heart rate variability in psychology: A review of HRV indices and an analysis tutorial},
  author={Pham, T. and Lau, Z.J. and Chen, S.H.A. and Makowski, D.},
  journal={Sensors},
  volume={21},
  number={12},
  pages={3998},
  year={2021},
  publisher={MDPI},
  doi={10.3390/s21123998}
}

@Manual{RStudio2020, 
title = {RStudio: Integrated Development Environment for R}, 
author = {{RStudio Team}}, 
organization = {RStudio, PBC.}, 
address = {Boston, MA}, 
year = {2020},
}

@article{ruedi2014,
  title={Zur Bedeutung positive Beziehungen f{\"u}r die Klassenf{\"u}hrung und den Umgang mit Unterrichtsst{\"o}rungen},
  author={R{\"u}edi, J.},
  journal={Beziehungen in Schule und Unterricht. Teil},
  volume={3},
  pages={105--126},
  year={2014}
}

@article{runge2020,
  title={Using Fitbit fitness trackers to measure teacher stress and coping},
  author={Runge, N. and Haarman, S. and Fisher, M.},
  journal={International Journal of Social Policy and Education},
  volume={2},
  pages={56--70},
  year={2020}
}

@phdthesis{sachs2014,
  title={Physiologische Parameter zur Bewertung der Lernwirksamkeit von Lernsituationen},
  author={Sachs, S.},
  year={2014},
  school={Universit{\"a}t Ulm}
}

@article{smith2000,
  title={The scale of perceived occupational stress},
  author={Smith, A.},
  journal={Occupational Medicine},
  volume={50},
  number={5},
  pages={294--298},
  year={2000},
  publisher={Oxford University Press},
  doi={10.1093/occmed/50.5.294}
}

@inproceedings{taelman2009influence,
  title={Influence of mental stress on heart rate and heart rate variability},
  author={Taelman, J. and Vandeput, S. and Spaepen, A. and Van Huffel, S.},
  booktitle={4th European conference of the international federation for medical and biological engineering},
  pages={1366--1369},
  year={2009},
  organization={Springer},
  doi={10.1007/978-3-540-89208-3_324}
}

@article{unterbrink2007,
  title={Burnout and effort--reward-imbalance in a sample of 949 German teachers},
  author={Unterbrink, T. and Hack, A. and Pfeifer, R. and Buhl-Grie{\ss}haber, V. and M{\"u}ller, U. and Wesche, H. and Frommhold, M. and Scheuch, K. and Seibt, R. and Wirsching, M. and others},
  journal={International archives of occupational and environmental health},
  volume={80},
  pages={433--441},
  year={2007},
  publisher={Springer},
  doi={10.1007/s00420-007-0169-0}
}

@article{wang2022,
  title={Using Fitbit Data to monitor the heart rate evolution patterns of college students},
  author={Wang, C. and Lizardo, O. and Hachen, D.S.},
  journal={Journal of American College Health},
  volume={70},
  number={3},
  pages={875--882},
  year={2022},
  publisher={Taylor \& Francis},
  doi={10.1080/07448481.2020.1775610}
}
