@book{cooper2012teachers,
  title={Teachers Under Pressure: Stress in the Teaching Profession},
  author={Cooper, Cary and Travers, Cheryl},
  year={2012},
  publisher={Routledge}
}

@article{Darnell2019StudentEA,
  title={Student engagement, assessed using heart rate, shows no reset following active learning sessions in lectures},
  author={D. Darnell and P. Krieg},
  journal={PLoS ONE},
  year={2019},
  volume={14}
}

@article{ferguson2015validity,
  title={The validity of consumer-level, activity monitors in healthy adults worn in free-living conditions: a cross-sectional study},
  author={Ferguson, Ty and Rowlands, Alex V and Olds, Tim and Maher, Carol},
  journal={International journal of behavioral nutrition and physical activity},
  volume={12},
  number={1},
  pages={1--9},
  year={2015},
  publisher={BioMed Central}
}

@unknown{unknown,
author = {Chevance, Guillaume and Golaszewski, Natalie and Tipton, Elizabeth and Hekler, Eric and Buman, Matthew},
year = {2020},
month = {01},
pages = {},
title = {Accuracy and precision of energy expenditure, heart rate, and steps measured by combined-sensing Fitbits: Protocol for a Systematic Review and Meta-Analyses},
doi = {10.31236/osf.io/tgk7a}
}

@article{heneghan2019investigation,
  title={Investigation of an estimate of daily resting heart rate using a consumer wearable device},
  author={Heneghan, Conor and Venkatraman, Subbu and Russell, Allison},
  journal={medRxiv},
  pages={19008771},
  year={2019},
  publisher={Cold Spring Harbor Laboratory Press}
}

@unknown{unknown,
author = {Jachymek, Magdalena and Jachymek, Michał and Kiedrowicz, Radosław and Kaźmierczak, Jarosław and Peregud-Pogorzelska, Małgorzata},
year = {2021},
month = {06},
pages = {},
title = {Validation of heart rate measurement of Fitbit Charge 4 and Xiaomi Mi Band 5 (Preprint)},
doi = {10.2196/preprints.30893}
}

@article{karner2018stress,
  title={Stress im Unterricht? Prozessanalysen zu Interaktionseffekten unterrichtlicher Anforderungen und individueller Ressourcenbewertungen auf physische und psychische Stresssymptome von Berufssch{\"u}ler/innen},
  author={K{\"a}rner, Tobias and Warwas, Julia},
  journal={Unterrichtswissenschaft},
  volume={46},
  number={2},
  pages={185--214},
  year={2018},
  publisher={Springer}
}

@book{lazarus1984stress,
  title={Stress, appraisal, and coping},
  author={Lazarus, Richard S and Folkman, Susan},
  year={1984},
  publisher={Springer publishing company}
}

@article{mccarthy2019teacher,
  title={Teacher stress: Balancing demands and resources},
  author={McCarthy, Christopher Jay},
  journal={Phi Delta Kappan},
  volume={101},
  number={3},
  pages={8--14},
  year={2019},
  publisher={SAGE Publications Sage CA: Los Angeles, CA}
}

@article{muggeridge2021measurement,
  title={Measurement of heart rate using the polar OH1 and fitbit charge 3 wearable devices in healthy adults during light, moderate, vigorous, and sprint-based exercise: Validation study},
  author={Muggeridge, David Joseph and Hickson, Kirsty and Davies, Aimie Victoria and Giggins, Oonagh M and Megson, Ian L and Gorely, Trish and Crabtree, Daniel R},
  journal={JMIR mHealth and uHealth},
  volume={9},
  number={3},
  pages={e25313},
  year={2021},
  publisher={JMIR Publications Inc., Toronto, Canada}
}

@article{prilleltensky2016teacher,
  title={Teacher stress: What it is, why it's important, how it can be alleviated},
  author={Prilleltensky, Isaac and Neff, Marilyn and Bessell, Ann},
  journal={Theory Into Practice},
  volume={55},
  number={2},
  pages={104--111},
  year={2016},
  publisher={Taylor \& Francis}
}

@article{rungeusing,
  title={Using Fitbit Fitness Trackers to Measure Teacher Stress and Coping},
  author={Runge, Natalie and Haarman, Shelby and Fisher, Molly H}
}

@inproceedings{taelman2009influence,
  title={Influence of mental stress on heart rate and heart rate variability},
  author={Taelman, Joachim and Vandeput, Steven and Spaepen, Arthur and Van Huffel, Sabine},
  booktitle={4th European conference of the international federation for medical and biological engineering},
  pages={1366--1369},
  year={2009},
  organization={Springer}
}

@article{article,
author = {Wang, Gy and Pereira, Beatriz and Mota, Jorge},
year = {2005},
month = {07},
pages = {171-7},
title = {Indoor physical education measured by heart rate monitor—A case study in Portugal},
volume = {45},
journal = {The Journal of sports medicine and physical fitness}
}




@Manual{R-base,
  title = {R: A Language and Environment for Statistical Computing},
  author = {{R Core Team}},
  organization = {R Foundation for Statistical Computing},
  address = {Vienna, Austria},
  year = {2022},
  url = {https://www.R-project.org/},
}
@Manual{R-papaja,
  title = {{papaja}: {Prepare} reproducible {APA} journal articles with {R Markdown}},
  author = {Frederik Aust and Marius Barth},
  year = {2020},
  note = {R package version 0.1.0.9999},
  url = {https://github.com/crsh/papaja},
}
@Manual{R-tinylabels,
  title = {{tinylabels}: Lightweight Variable Labels},
  author = {Marius Barth},
  year = {2022},
  note = {R package version 0.2.3},
  url = {https://cran.r-project.org/package=tinylabels},
}
