@book{kuckartz2019analyzing,
  title={Analyzing qualitative data with MAXQDA},
  author={Kuckartz, Udo and R{\"a}diker, Stefan},
  year={2019},
  publisher={Springer}
}

@article{gegenfurtner2020gaze,
  title={The gaze relational index as a measure of visual expertise},
  author={Gegenfurtner, Andreas and Boucheix, Jean-Michel and Gruber, Hans and Hauser, Florian and Lehtinen, Erno and Lowe, Richard K},
  journal={Journal of expertise. East Lansing, Michigan: Michigan State University, 2020, vol. 3, iss. 1},
  year={2020}
}

@book{nolting2012storungen,
  title={St{\"o}rungen in der Schulklasse},
  author={Nolting, Hans-Peter},
  year={2012},
  publisher={Beltz}
}

@book{marzano2007art,
  title={The art and science of teaching: A comprehensive framework for effective instruction},
  author={Marzano, Robert J},
  year={2007},
  publisher={Ascd}
}

@article{brophy1986classroom,
  title={Classroom management techniques},
  author={Brophy, Jere},
  journal={Education and urban society},
  volume={18},
  number={2},
  pages={182--194},
  year={1986},
  publisher={Sage Publications Sage CA: Thousand Oaks, CA}
}

@book{kounin2006techniken,
  title={Techniken der Klassenf{\"u}hrung},
  author={Kounin, Jacob S},
  year={2006},
  publisher={Waxmann Verlag}
}

@book{kiel2013trainingsbuch,
  title={Trainingsbuch Klassenf{\"u}hrung},
  author={Kiel, Ewald and Frey, Anne and Wei{\ss}, Sabine and Weiss, Sabine},
  volume={3992},
  year={2013},
  publisher={UTB}
}

@article{helmke2014unterrichtsdiagnostik,
  title={Unterrichtsdiagnostik mit EMU},
  author={Helmke, Andreas and Helmke, Tuyet and Lenske, Gerlinde and Pham, G and Praetorius, Anna-Katharina and Schrader, Friedrich-Wilhelm and AdeThurow, Manuel},
  journal={Aus-und Fortbildung der Lehrkr{\"a}fte in Hinblick auf Verbesserung der Diagnosef{\"a}higkeit, Umgang mit Heterogenit{\"a}t und individuelle F{\"o}rderung},
  pages={149--163},
  year={2014}
}

@Manual{R-base,
  title = {R: A Language and Environment for Statistical Computing},
  author = {{R Core Team}},
  organization = {R Foundation for Statistical Computing},
  address = {Vienna, Austria},
  year = {2019},
  url = {https://www.R-project.org/},
}

@Manual{R-papaja,
  author = {Frederik Aust and Marius Barth},
  title = {{papaja}: {Create} {APA} manuscripts with {R Markdown}},
  year = {2020},
  note = {R package version 0.1.0.9942},
  url = {https://github.com/crsh/papaja},
}

@incollection{barnes2004significance,
  title={The significance of teachers’ frames for teaching},
  author={Barnes, Douglas},
  booktitle={Teachers and teaching},
  pages={16--38},
  year={2004},
  publisher={Routledge},
}

@article{wolff2017see,
  title={See and tell: Differences between expert and novice teachers’ interpretations of problematic classroom management events},
  author={Wolff, Charlotte E and Jarodzka, Halszka and Boshuizen, Henny PA},
  journal={Teaching and Teacher Education},
  volume={66},
  pages={295--308},
  year={2017},
  publisher={Elsevier},
}

@book{barth2017professionelle,
  title={Professionelle Wahrnehmung von Störungen im Unterricht},
  author={Barth, Victoria L},
  year={2017},
  publisher={Springer},
}

@book{bogert2016visualperception,
  title={On teachers' visual perception and interpretation of classroom events using eye tracking and collaborative tagging methodologies},
  author={van den Bogert, Niek J},
  year={2016},
  publisher={Technische Universiteit Eindhoven},
}

@Manual{R-papayar,
  title = {papayar: View Medical Research Images using the Papaya JavaScript Library},
  author = {John Muschelli},
  year = {2016},
  note = {R package version 1.0},
  url = {https://CRAN.R-project.org/package=papayar},
}

@article{pouta2020student,
  title={Student Teachers’ and Experienced Teachers’ Professional Vision of Students’ Understanding of the Rational Number Concept},
  author={Pouta, Maikki and Lehtinen, Erno and Palonen, Tuire},
  year = {2020},
  publisher={Springer}
}

@article{stuermer2017eye,
  title={What is in the eye of preservice teachers while instructing? An eye-tracking study about attention processes in different teaching situations},
  author={Stuermer, Kathleen and Seidel, Tina and Mueller, Katharina and H{\"a}usler, Janina and Cortina, Kai S},
  journal={Zeitschrift f{\"u}r Erziehungswissenschaft},
  volume={20},
  number={1},
  pages={75--92},
  year={2017},
  publisher={Springer}
}

@article{jarodzka2010eyes,
  title={In the eyes of the beholder: How experts and novices interpret dynamic stimuli},
  author={Jarodzka, Halszka and Scheiter, Katharina and Gerjets, Peter and Van Gog, Tamara},
  journal={Learning and Instruction},
  volume={20},
  number={2},
  pages={146--154},
  year={2010},
  publisher={Elsevier}
}

@article{cortina2015low,
  title={Where low and high inference data converge: Validation of CLASS assessment of mathematics instruction using mobile eye tracking with expert and novice teachers},
  author={Cortina, Kai S and Miller, Kevin F and McKenzie, Ryan and Epstein, Alanna},
  journal={International Journal of Science and Mathematics Education},
  volume={13},
  number={2},
  pages={389--403},
  year={2015},
  publisher={Springer}
}

@article{berliner2001learning,
  title={Learning about and learning from expert teachers},
  author={Berliner, David C},
  journal={International journal of educational research},
  volume={35},
  number={5},
  pages={463--482},
  year={2001},
  publisher={Elsevier}
}

@article{lachner2016makes,
  title={What makes an expert teacher? Investigating teachers’ professional vision and discourse abilities},
  author={Lachner, Andreas and Jarodzka, Halszka and N{\"u}ckles, Matthias},
  journal={Instructional Science},
  volume={44},
  number={3},
  pages={197--203},
  year={2016},
  publisher={Springer}
}

@article{messner2000berufliche,
  title={Die berufliche Entwicklung von Lehrpersonen als lebenslanger Prozess},
  author={Messner, Helmut and Reusser, Kurt},
  journal={Beitr{\"a}ge zur Lehrerinnen-und Lehrerbildung},
  volume={18},
  number={2},
  pages={157--171},
  year={2000}
}@Manual{R-dplyr,
  title = {dplyr: A Grammar of Data Manipulation},
  author = {Hadley Wickham and Romain François and Lionel Henry and Kirill Müller},
  year = {2021},
  note = {R package version 1.0.3},
  url = {https://CRAN.R-project.org/package=dplyr},
}
@Manual{R-forcats,
  title = {forcats: Tools for Working with Categorical Variables (Factors)},
  author = {Hadley Wickham},
  year = {2020},
  note = {R package version 0.5.0},
  url = {https://CRAN.R-project.org/package=forcats},
}
@Book{R-ggplot2,
  author = {Hadley Wickham},
  title = {ggplot2: Elegant Graphics for Data Analysis},
  publisher = {Springer-Verlag New York},
  year = {2016},
  isbn = {978-3-319-24277-4},
  url = {https://ggplot2.tidyverse.org},
}
@Manual{R-purrr,
  title = {purrr: Functional Programming Tools},
  author = {Lionel Henry and Hadley Wickham},
  year = {2020},
  note = {R package version 0.3.4},
  url = {https://CRAN.R-project.org/package=purrr},
}
@Manual{R-readr,
  title = {readr: Read Rectangular Text Data},
  author = {Hadley Wickham and Jim Hester and Romain Francois},
  year = {2018},
  note = {R package version 1.3.1},
  url = {https://CRAN.R-project.org/package=readr},
}
@Manual{R-stringr,
  title = {stringr: Simple, Consistent Wrappers for Common String Operations},
  author = {Hadley Wickham},
  year = {2019},
  note = {R package version 1.4.0},
  url = {https://CRAN.R-project.org/package=stringr},
}
@Manual{R-tibble,
  title = {tibble: Simple Data Frames},
  author = {Kirill Müller and Hadley Wickham},
  year = {2021},
  note = {R package version 3.0.5},
  url = {https://CRAN.R-project.org/package=tibble},
}
@Manual{R-tidyr,
  title = {tidyr: Tidy Messy Data},
  author = {Hadley Wickham},
  year = {2020},
  note = {R package version 1.1.2},
  url = {https://CRAN.R-project.org/package=tidyr},
}
@Article{R-tidyverse,
  title = {Welcome to the {tidyverse}},
  author = {Hadley Wickham and Mara Averick and Jennifer Bryan and Winston Chang and Lucy D'Agostino McGowan and Romain François and Garrett Grolemund and Alex Hayes and Lionel Henry and Jim Hester and Max Kuhn and Thomas Lin Pedersen and Evan Miller and Stephan Milton Bache and Kirill Müller and Jeroen Ooms and David Robinson and Dana Paige Seidel and Vitalie Spinu and Kohske Takahashi and Davis Vaughan and Claus Wilke and Kara Woo and Hiroaki Yutani},
  year = {2019},
  journal = {Journal of Open Source Software},
  volume = {4},
  number = {43},
  pages = {1686},
  doi = {10.21105/joss.01686},
}
@Manual{R-psych,
  title = {psych: Procedures for Psychological, Psychometric, and Personality Research},
  author = {William Revelle},
  organization = { Northwestern University},
  address = { Evanston, Illinois},
  year = {2020},
  note = {R package version 2.0.12},
  url = {https://CRAN.R-project.org/package=psych},
}
@Manual{R-moments,
  title = {moments: Moments, cumulants, skewness, kurtosis and related tests},
  author = {Lukasz Komsta and Frederick Novomestky},
  year = {2015},
  note = {R package version 0.14},
  url = {https://CRAN.R-project.org/package=moments},
}
@Manual{R-sjPlot,
  title = {sjPlot: Data Visualization for Statistics in Social Science},
  author = {Daniel Lüdecke},
  year = {2021},
  note = {R package version 2.8.7},
  url = {https://CRAN.R-project.org/package=sjPlot},
}
@Manual{R-corrplot2017,
  title = {R package "corrplot": Visualization of a Correlation Matrix},
  author = {Taiyun Wei and Viliam Simko},
  year = {2017},
  note = {(Version 0.84)},
  url = {https://github.com/taiyun/corrplot},
}
@Article{R-Formula,
  title = {Extended Model Formulas in {R}: Multiple Parts and Multiple Responses},
  author = {Achim Zeileis and Yves Croissant},
  journal = {Journal of Statistical Software},
  year = {2010},
  volume = {34},
  number = {1},
  pages = {1--13},
  doi = {10.18637/jss.v034.i01},
}
@Manual{R-Hmisc,
  title = {Hmisc: Harrell Miscellaneous},
  author = {Frank E {Harrell Jr} and with contributions from Charles Dupont and many others.},
  year = {2020},
  note = {R package version 4.4-2},
  url = {https://CRAN.R-project.org/package=Hmisc},
}
@Book{R-lattice,
  title = {Lattice: Multivariate Data Visualization with R},
  author = {Deepayan Sarkar},
  publisher = {Springer},
  address = {New York},
  year = {2008},
  note = {ISBN 978-0-387-75968-5},
  url = {http://lmdvr.r-forge.r-project.org},
}
@Book{R-survival-book,
  title = {Modeling Survival Data: Extending the {C}ox Model},
  author = {{Terry M. Therneau} and {Patricia M. Grambsch}},
  year = {2000},
  publisher = {Springer},
  address = {New York},
  isbn = {0-387-98784-3},
}
